@article{article,
author = {Stol, Klaas-Jan and Fitzgerald, Brian},
year = {2018},
month = {07},
pages = {1-51},
title = {The ABC of Software Engineering Research},
volume = {27},
journal = {ACM Transactions on Software Engineering and Methodology},
doi = {10.1145/3241743}
}